<record><leader>00000cas a22000007a 4500</leader><controlfield tag="001">21127998</controlfield><controlfield tag="008">900227d18521854ohuwr ne      0    0eng d</controlfield><controlfield tag="009">8043</controlfield><datafield ind1=" " ind2=" " tag="010"><subfield code="a">sn 89076022 </subfield></datafield><datafield ind1=" " ind2=" " tag="040"><subfield code="a">ONP</subfield><subfield code="b">eng</subfield><subfield code="c">ONP</subfield><subfield code="d">DLC</subfield><subfield code="d">OCL</subfield><subfield code="d">OCLCQ</subfield></datafield><datafield ind1=" " ind2=" " tag="019"><subfield code="a">11944496</subfield></datafield><datafield ind1="1" ind2=" " tag="029"><subfield code="a">AU@</subfield><subfield code="b">000025878613</subfield></datafield><datafield ind1=" " ind2=" " tag="042"><subfield code="a">msc</subfield></datafield><datafield ind1="0" ind2=" " tag="130"><subfield code="a">Northwestern Democrat (Perrysburg, Ohio)</subfield></datafield><datafield ind1="0" ind2="0" tag="245"><subfield code="a">Northwestern Democrat.</subfield></datafield><datafield ind1=" " ind2=" " tag="260"><subfield code="a">Perrysburg, Ohio :</subfield><subfield code="b">Albert D. Wright</subfield></datafield><datafield ind1=" " ind2=" " tag="300"><subfield code="a">v.</subfield></datafield><datafield ind1=" " ind2=" " tag="310"><subfield code="a">Weekly</subfield></datafield><datafield ind1="0" ind2=" " tag="362"><subfield code="a">Vol. 1, no. 1 (May 22, 1852)- ; -new ser., v. 1, no. 20 (&lt;ay 22, 1854).</subfield></datafield><datafield ind1=" " ind2=" " tag="752"><subfield code="a">United States</subfield><subfield code="b">Ohio</subfield><subfield code="c">Lucas</subfield><subfield code="d">Perrysburg.</subfield></datafield><datafield ind1="0" ind2="0" tag="785"><subfield code="t">Maumee Valley Democrat</subfield><subfield code="w">(DLC)sn 89075182</subfield></datafield></record>